<?xml version="1.0" encoding="UTF-8"?>
<collection xmlns:xsi="http://www.w3.org/2001/XMLSchema-instance" xsi:schemaLocation="http://www.loc.gov/MARC21/slim http://www.loc.gov/standards/marcxml/schema/MARC21slim.xsd" xmlns="http://www.loc.gov/MARC21/slim">
<record>
  <leader>01571cam a2200337 a 4500</leader>
  <controlfield tag="001">3058889</controlfield>
  <controlfield tag="003">NNC</controlfield>
  <controlfield tag="005">20140126215148.0</controlfield>
  <controlfield tag="008">890514s1956    iq       b    000 0bara d</controlfield>
  <datafield tag="010" ind1=" " ind2=" ">
    <subfield code="a">ne 66001081 </subfield>
  </datafield>
  <datafield tag="035" ind1=" " ind2=" ">
    <subfield code="a">(OCoLC)476964996</subfield>
  </datafield>
  <datafield tag="035" ind1=" " ind2=" ">
    <subfield code="a">(OCoLC)ocn476964996</subfield>
  </datafield>
  <datafield tag="035" ind1=" " ind2=" ">
    <subfield code="9">ATM7496CU</subfield>
  </datafield>
  <datafield tag="035" ind1=" " ind2=" ">
    <subfield code="a">(NNC)3058889</subfield>
  </datafield>
  <datafield tag="035" ind1=" " ind2=" ">
    <subfield code="a">3058889</subfield>
  </datafield>
  <datafield tag="040" ind1=" " ind2=" ">
    <subfield code="a">EYM</subfield>
    <subfield code="c">EYM</subfield>
    <subfield code="d">BNG</subfield>
    <subfield code="d">NBiSU</subfield>
    <subfield code="d">UkOxU</subfield>
  </datafield>
  <datafield tag="050" ind1="0" ind2=" ">
    <subfield code="a">BP193</subfield>
    <subfield code="b">.A79</subfield>
  </datafield>
  <datafield tag="066" ind1=" " ind2=" ">
    <subfield code="c">(3</subfield>
  </datafield>
  <datafield tag="090" ind1=" " ind2=" ">
    <subfield code="a">BP189.4</subfield>
    <subfield code="b">Ask</subfield>
  </datafield>
  <datafield tag="100" ind1="1" ind2=" ">
    <subfield code="6">880-01</subfield>
    <subfield code="a">ʻAskarī, Murtaḍá.</subfield>
  </datafield>
  <datafield tag="245" ind1="1" ind2="0">
    <subfield code="6">880-02</subfield>
    <subfield code="a">ʻAbd Allāh ibn Sabaʾ :</subfield>
    <subfield code="b">baḥth wa-taḥqīq fī mā katabahu al-muʾarrikhūn wa-al-mustashriqūn ʻan Ibn Sabaʾ wa-qiṣaṣ Islāmīyah ukhrá mundhu al-qarn al-thānī al-hijrī ḥattá al-yawm /</subfield>
    <subfield code="c">Murtaḍá al-ʻAskarī.</subfield>
  </datafield>
  <datafield tag="260" ind1=" " ind2=" ">
    <subfield code="6">880-03</subfield>
    <subfield code="a">al-Najaf al-Ashraf :</subfield>
    <subfield code="b">al-Maṭbaʻah al-ʻIlmīyah,</subfield>
    <subfield code="c">1956.</subfield>
  </datafield>
  <datafield tag="300" ind1=" " ind2=" ">
    <subfield code="a">2, 182 p. ;</subfield>
    <subfield code="c">23 cm.</subfield>
  </datafield>
  <datafield tag="504" ind1=" " ind2=" ">
    <subfield code="a">Includes bibliographical references.</subfield>
  </datafield>
  <datafield tag="600" ind1="0" ind2="0">
    <subfield code="6">880-04</subfield>
    <subfield code="a">ʻAbd Allāh ibn Sabaʼ,</subfield>
    <subfield code="d">active 7th century.</subfield>
  </datafield>
  <datafield tag="880" ind1="1" ind2=" ">
    <subfield code="6">100-01/(3/r</subfield>
    <subfield code="a">عسكري، مرتضى.</subfield>
  </datafield>
  <datafield tag="880" ind1="1" ind2="0">
    <subfield code="6">245-02/(3/r</subfield>
    <subfield code="a">عبد الله بن سبأ :</subfield>
    <subfield code="b">بحث وتحقيق فيما كتبه المؤرخون والمستشرقون عن ابن سبأ وقصص إسلامية أخرى منذ القرن الثاني الهجري حتى اليوم /</subfield>
    <subfield code="c">مرتضى العسكري</subfield>
  </datafield>
  <datafield tag="880" ind1=" " ind2=" ">
    <subfield code="6">260-03/(3/r</subfield>
    <subfield code="a">النجف الأشرف :</subfield>
    <subfield code="b">المطبعة العلمية،</subfield>
    <subfield code="c">١٩٥٦.</subfield>
  </datafield>
  <datafield tag="880" ind1="0" ind2="4">
    <subfield code="6">600-04/(3/r</subfield>
    <subfield code="a">عبد الله بن سبأ,</subfield>
    <subfield code="d">active 7th century.</subfield>
  </datafield>
  <datafield tag="955" ind1=" " ind2=" ">
    <subfield code="b">CU58836519</subfield>
    <subfield code="d">off,glx</subfield>
    <subfield code="e">893.796 As47</subfield>
  </datafield>
</record>
</collection>